<?xml version="1.0" encoding="UTF-8"?><collection xmlns="http://www.loc.gov/MARC21/slim"><record><leader>00499nam--2200181-i-4500</leader><controlfield tag="001">000002720</controlfield><controlfield tag="002">20161230</controlfield><controlfield tag="005">20161230201025</controlfield><controlfield tag="008">060222s1000------------r-----000-0-ger-d</controlfield><datafield ind1=" " ind2=" " tag="040"><subfield code="a">IFIN-HH</subfield></datafield><datafield ind1=" " ind2=" " tag="041"><subfield code="a">ger</subfield></datafield><datafield ind1=" " ind2=" " tag="080"><subfield code="a">534.321.9</subfield></datafield><datafield ind1="1" ind2=" " tag="100"><subfield code="a">Bergmann, L</subfield></datafield><datafield ind1="1" ind2="0" tag="245"><subfield code="a">Der ultraschall</subfield><subfield code="b">Und seine anwendung in wissens chaft und technik. 6-te auflage</subfield><subfield code="c">L. bergmann</subfield></datafield><datafield ind1=" " ind2=" " tag="260"><subfield code="a">Stuttgart, S.Hirzel Verlag, 1954</subfield></datafield><datafield ind1=" " ind2=" " tag="300"><subfield code="a">XVI + 1114 P</subfield></datafield><datafield ind1=" " ind2=" " tag="852"><subfield code="a">10502</subfield><subfield code="c">534</subfield></datafield><datafield ind1=" " ind2=" " tag="CAT"><subfield code="a">Sys</subfield><subfield code="c">20101006</subfield><subfield code="h">130327</subfield></datafield></record></collection>